% Encoding: windows-1252

@book{Erl2013CloudComputing,
author = {Erl, Thomas and Puttini, Ricardo and Mahmood, Zaigham},
title = {Cloud Computing: Concepts, Technology &amp; Architecture},
year = {2013},
isbn = {0133387526},
publisher = {Prentice Hall Press},
address = {USA},
edition = {1st}
}
@book{Chambers2018Spark,
author = {Chambers, Bill and Zaharia, Matei},
title = {Spark: The Definitive Guide},
year = {2018},
isbn = {9781491912218},
publisher = {O'Reilly Media},
edition = {1st}
}
@book{TakadaDistr,
author = {Takada, Mikito},
title = {Distributed systems: for fun and profit}
}
@article{Kephart2003VisionComputing,
  author={J. O. {Kephart} and D. M. {Chess}},
  journal={Computer}, 
  title={The vision of autonomic computing}, 
  year={2003},
  volume={36},
  number={1},
  pages={41-50},
}

@inproceedings{Sinreich2006AnAB,
  title={An architectural blueprint for autonomic computing},
  author={D. Sinreich},
  year={2006}
}

@Comment{jabref-meta: databaseType:bibtex;}

@Comment{jabref-meta: grouping:
0 AllEntriesGroup:;
1 StaticGroup:Utility Theory\;0\;1\;\;\;\;;
1 StaticGroup:MDP\;0\;1\;\;\;\;;
2 StaticGroup:Discrete\;0\;1\;\;\;\;;
2 StaticGroup:Continuous\;0\;1\;\;\;\;;
2 StaticGroup:Finite Horizon\;0\;1\;\;\;\;;
2 StaticGroup:Infinite Horizon\;0\;1\;\;\;\;;
2 StaticGroup:Deterministic\;0\;1\;\;\;\;;
1 StaticGroup:POMDP\;0\;1\;\;\;\;;
2 StaticGroup:Discrete\;0\;1\;\;\;\;;
2 StaticGroup:Continuous\;0\;1\;\;\;\;;
1 StaticGroup:Reinforcement Learning\;0\;1\;\;\;\;;
1 StaticGroup:Filtering\;0\;1\;\;\;\;;
1 StaticGroup:Game Theory\;0\;1\;\;\;\;;
1 StaticGroup:Sensor Management\;0\;1\;\;\;\;;
1 StaticGroup:Basics\;0\;1\;\;\;\;;
}

@Comment{jabref-meta: groupsversion:
3;
}
